=LDR  04432 as a2201081 a 4500
=001  013339929
=003  Uk
=005  20200331161525.0
=006  m\\\\\\\\d\\\\\\\\
=007  cr\|||||||||||
=008  001121d20012012enkbx\pss\\\\\0\\\a0eng\d
=FMT  \\$a  SE
=010  \\$a00213639
=015  \\$aGBA599886$2bnb
=022  \\$a1532-6268
=037  \\$aISSN_15316912_33$bPortico$nHindawi
=040  \\$aNSD$cNSD$dCGU$dOCLCQ$dEEM$dOCL$dOCLCQ$dIUL$dUk
=042  \\$aukblsr
=050  14$aQH447
=082  04$a572.86$223
=130  0\$aComparative and functional genomics (Online)
=222  \0$aComparative and functional genomics$b(Online)
=245  10$aComparative and functional genomics$h[electronic resource].
=264  \1$32001-2006 :$aHoboken, NJ :$bJ. Wiley & Sons,$c©2001-2012.
=264  31$32007-2012 :$aNew York, NY :$bHindawi Pub. Corp.
=310  \\$aAnnual,$b2007-2012
=321  \\$a8 no. a year,$b2004-
=321  \\$aBimonthly,$b2001-2003
=336  \\$atext$2rdacontent
=337  \\$acomputer$2rdamedia
=338  \\$aonline resource$2rdacarrier
=362  0\$aVol. 2, issue 1 (Feb. 2001)-
=362  1\$aCeased in 2012.
=500  \\$aTitle from journal information screen (viewed Oct. 11, 2001).
=500  \\$aLatest issue consulted: Vol. 6, issue 1/2 (Feb./Mar. 2005) (viewed Apr. 22, 2005).
=515  \\$aSome no. combined.
=515  \\$aBeginning in 2007, articles are added continuously to each annual vol.
=515  \\$aIssues for 2000 were published as v. 17 of the journal Yeast, but also constitute the first vol. of this title.
=530  \\$aAlso issued in print.
=538  \\$aMode of access: World wide Web.
=580  \\$aIssued in 2000 as an affiliated section of: Yeast (Chichester, England : Online).
=540  \\$aCurrent copyright fee: GBP32.00$c35\0$5Uk
=650  \0$aGenomics$vPeriodicals.
=650  \0$aGenomes$vPeriodicals.
=650  \0$aCytogenetics$vPeriodicals.
=730  0\$aYeast (Chichester, England : Online)
=776  1\$tComparative and functional genomics$x1531-6912
=780  17$tYeast (Chichester, England : Online)$x1097-0061
=780  05$tGene function & disease (Online)$g2003$x1438-826X
=785  00$tInternational journal of genomics$x2314-4378
=859  \\$aELD$bejournal
=856  \\$31850-9999$uhttp://onlinelibrary.wiley.com/$xBLDSS
=852  41$aBritish Library$bHMNTS$jELD Digital store$3Volume 2:Issue 1(2001)-Volume 2013(2013)
=852  41$aBritish Library$bDSC$j3363.743000
=CAT  \\$a3072$b40$c20051117$lBLL01$h1726
=CAT  \\$aBATCH-UPD$b40$c20060901$lBLL01$h1030
=CAT  \\$a8409$b40$c20080215$lBLL01$h1424
=CAT  \\$a11033$b40$c20090608$lBLL01$h1103
=CAT  \\$a5997$b40$c20100128$lBLL01$h0938
=CAT  \\$a5997$b40$c20100128$lBLL01$h1040
=CAT  \\$aBATCH-UPD$b40$c20101116$lBLL01$h1334
=CAT  \\$aIPL-CLA$c20101231$lBLL01$h1516
=CAT  \\$aBLDSS-3PM$b00$c20141214$lBLL01$h1522
=CAT  \\$aBATCH-UPD$b00$c20150215$lBLL01$h1656
=CAT  \\$aIPL-CLA$c20150228$lBLL01$h2049
=CAT  \\$aWR14_185$c20160214$lBLL01$h1232
=CAT  \\$aWR14_185$c20160214$lBLL01$h1239
=CAT  \\$aBATCH-UPD$b00$c20160413$lBLL01$h1820
=CAT  \\$aBATCH-UPD$b00$c20180219$lBLL01$h1747
=CAT  \\$aBATCH-UPD$b00$c20180219$lBLL01$h1959
=CAT  \\$aBATCH-UPD$b00$c20181121$lBLL01$h1622
=CAT  \\$aIPL-CLA$c20181231$lBLL01$h1543
=CAT  \\$a10806$b40$c20190228$lBLL01$h1417
=CAT  \\$a9658$b40$c20190401$lBLL01$h1352
=CAT  \\$a9658$b40$c20190401$lBLL01$h1355
=CAT  \\$a9658$b40$c20190401$lBLL01$h1356
=CAT  \\$a10983$b40$c20190730$lBLL01$h1134
=CAT  \\$a10983$b40$c20190809$lBLL01$h0848
=CAT  \\$aBATCH-UPD$b40$c20200219$lBLL01$h1541
=CAT  \\$aIPL-CLA$c20200331$lBLL01$h1615
=CFI  0\$aCurrent copyright fee: GBP32.00$c35\0$e01-apr-2020$fGBP32.00$g0$hP$5Uk
=CFI  2\$aPrevious copyright fee: GBP28.00$c35\0$e01-jan-2019$fGBP28.00$g0$hP$5Uk
=FFP  \\$aY$bBLDSS-3PM
=FIN  \\$aY$d20051117
=MNI  \\$a1531-6912
=SID  \\$aZ39$bOCLC
=TCO  \\$aCLA$bCLA$c008
=TOC  \\$aETOC
=UNO  \\$aY
=ACF  \\$aPrevious Copyright Fee: GBP17.00$c35\0$e01-apr-2005$fGBP17.00$g0$hP$5Uk
=ACF  \\$aPrevious copyright fee: GBP22.00$c35\0$e01-jan-2011$fGBP22.00$g0$hP$5Uk
=ACF  \\$aPrevious copyright fee: GBP24.00$c35\0$e01-mar-2015$fGBP24.00$g0$hP$5Uk
=LAS  \\$aIPL-CLA$b00$c20200331$lBLL01$h1615

