=LDR  04873 as a2200985 a 4500
=001  013352355
=003  Uk
=005  20191231193704.0
=006  m\\\\\\\\d\\\\\\\\
=007  co\cnu||||||||
=008  040615d200120uuxxuar\\\q\\\\\1\\\a0eng\c
=FMT  \\$a  SE
=010  \\$a2004214266
=022  0\$a1936-1734
=037  \\$aISSN_00447870$bPortico$nWiley
=040  \\$aNSD$cNSD$dNSD$dUk
=042  \\$aukblsr
=082  04$a020$222
=110  2\$aAmerican Society for Information Science and Technology.$bAnnual Meeting.
=222  \0$aProceedings of the ... ASIS & T annual meeting
=245  10$aProceedings of the ... ASIS & T annual meeting$h[electronic resource].
=246  13$aASIST
=260  \\$aMedford, NJ :$bInformation Today, Inc.,$c[2001]-
=264  31$a[Silver Spring] :$bAmerican Society for Information Science and Technology
=300  \\$bCD-ROMs ;$c4 3/4 in.
=310  \\$aAnnual
=336  \\$atext$2rdacontent
=337  \\$acomputer$2rdamedia
=338  \\$acomputer disc$2rdacarrier
=362  1\$aBegan in 2001.
=500  \\$aDescription based on: 67th (2005).
=538  \\$aSystem requirements: IBM compatible PC.
=540  \\$aCurrent Copyright Fee: GBP32.00$c35\0$5Uk
=650  \0$aInformation science$vCongresses.
=710  2\$aAmerican Society for Information Science and Technology.
=776  08$iAlso issued in print as:$aAmerican Society for Information Science and Technology. Annual Meeting.$tProceedings of the ... ASIST annual meeting$g2001-2004
=776  08$iAlso issued online as:$aAmerican Society for Information Science and Technology. Annual Meeting.$tProceedings of the annual meeting of the American Society for Information Science and Technology$x1550-8390
=776  08$iAlso issued on USB flash drives as:$aAmerican Society for Information Science and Technology. Annual Meeting.$tProceedings of the ... ASIS & T annual meeting$g2010-
=859  \\$aELD$bejournal
=856  \\$31850-9999$uhttp://onlinelibrary.wiley.com/$xBLDSS
=852  41$aBritish Library$bDSC$cV$j6841.279005$3Volume 43 (2006)-Volume 44 (2007)***All stock held in RMS (E-store)
=852  41$aBritish Library$bHMNTS$jELD Digital store$3Vol. 51 (1) (2014)***Previous issues available in print copy
=945  \\$aProceedings of the annual meeting- American Society for Information Science and Technology -CD Rom edition-
=959  \\$fHeld but not currently received
=985  \\$aC/T query from this to 18180344 (but actually C/T from 016657416 to 18180344) as vol 43 and 44 holdings here are for CD-ROM i.e.V, but 007=cr and 338= online; amended to 007 co, added 300 field etc for CD-ROM; vol 51 2014 "not arrived" - now deleted; presumed the CD-ROM has ceased - GC.
=CAT  \\$a8141$b40$c20051205$lBLL01$h1122
=CAT  \\$aBATCH-UPD$b40$c20060901$lBLL01$h0959
=CAT  \\$aBATCH-UPD$b40$c20060901$lBLL01$h1031
=CAT  \\$a5508$b40$c20071210$lBLL01$h1158
=CAT  \\$a8411$b40$c20090617$lBLL01$h1659
=CAT  \\$aBATCH-UPD$b40$c20101201$lBLL01$h1250
=CAT  \\$aIPL-CLA$c20101231$lBLL01$h1517
=CAT  \\$aBATCH-UPD$b00$c20110907$lBLL01$h1827
=CAT  \\$aIPL-CLA$c20110908$lBLL01$h1742
=CAT  \\$aBATCH-CLA$b00$c20121109$lBLL01$h1728
=CAT  \\$a8323$b40$c20140325$lBLL01$h0822
=CAT  \\$a8411$b40$c20140327$lBLL01$h0931
=CAT  \\$a3072$b40$c20170522$lBLL01$h1440
=CAT  \\$a3072$b40$c20170522$lBLL01$h1515
=CAT  \\$a3072$b40$c20170523$lBLL01$h1014
=CAT  \\$a5552$b40$c20170530$lBLL01$h1034
=CAT  \\$aBLDSS-3PM$b00$c20170606$lBLL01$h1445
=CAT  \\$aBATCH-UPD$b00$c20170606$lBLL01$h1446
=CAT  \\$a3072$b40$c20170821$lBLL01$h1228
=CAT  \\$aW1711-1005$c20171206$lBLL01$h1818
=CAT  \\$aBATCH-UPD$b00$c20180219$lBLL01$h1748
=CAT  \\$aBATCH-UPD$b00$c20181121$lBLL01$h1622
=CAT  \\$aIPL-CLA$c20181231$lBLL01$h1543
=CAT  \\$aR1911-0245$c20191127$lBLL01$h0823
=CAT  \\$aR1911-0245$c20191127$lBLL01$h1045
=CAT  \\$aIPL-CLA$c20191231$lBLL01$h1937
=CFI  0\$aCurrent Copyright Fee: GBP32.00$c35\0$e01-jan-2020$fGBP32.00$g0$hP$5Uk
=CFI  2\$aPrevious copyright fee: GBP28.00$c35\0$e01-jan-2019$fGBP28.00$g0$hP$5Uk
=FFP  \\$aY$bBLDSS-3PM
=FIN  \\$aY$d20051205
=LKR  \\$aPAR$b016657416$lBLL01$nProceedings of the ... ASIST Annual Meeting (Online)$mProceedings of the ... ASIST annual meeting (CD-ROM)$r776
=MNI  \\$a0044-7870
=SID  \\$aZ39$bOCLC
=TCO  \\$aTRS$bCCC$c008
=UNO  \\$aY
=ACF  \\$aBritish Library not licensed to copy$c0$e17-jun-2009$g0$hC$iCLA-excluded$5Uk
=ACF  \\$aBritish Library not licensed to copy$c0$e07-sep-2011$hC$iTX$5Uk
=ACF  \\$aPrevious copyright fee: GBP10.50$c0$e01-jan-2011$fGBP10.50$g0$hA$5Uk
=ACF  \\$aPrevious copyright fee: GBP24.00$c35\0$e20-may-2017$fGBP24.00$g0$hP$5Uk
=LAS  \\$aIPL-CLA$b00$c20191231$lBLL01$h1937

