=LDR  02232cas a22006135i 4500
=001  018606998
=003  Uk
=005  20211005103734.0
=006  m\\\\\|\\d\|\\\\\\
=007  cr\|||||||||||
=008  171113c\\\\9999\\\\\\p\o\\\\\0\\\a0eng\\
=FMT  \\$a  SE
=022  \\$a2510-5345
=037  \\$aISSN_25105345$bPortico$nWiley
=082  04$a616.079$221
=245  00$aImmunomedicine
=264  \1$bWiley
=336  \\$atext$2rdacontent
=337  \\$acomputer$2rdamedia
=338  \\$aonline resource$2rdacarrier
=540  \\$aCurrent Copyright Fee: zero$c35\0$5Uk
=859  \\$aELD$bejournal
=856  \\$31850-9999$uhttp://onlinelibrary.wiley.com/$xBLDSS
=852  \\$aBritish Library$bDSC$j4369.746570N
=852  41$aBritish Library$bHMNTS$jELD Digital store$3Volume 1:Issue 1(2021)-
=945  \\$aImmunomedicine
=985  \\$aELD accessioning record awaiting upgrade
=CAT  \\$a11450$b40$c20171113$lBLL01$h1142
=CAT  \\$aW1711-1005$c20171206$lBLL01$h1830
=CAT  \\$a10983$b40$c20180219$lBLL01$h1322
=CAT  \\$a8055$b40$c20180706$lBLL01$h1429
=CAT  \\$a8055$b40$c20180706$lBLL01$h1440
=CAT  \\$aBATCH-UPD$b40$c20180710$lBLL01$h2252
=CAT  \\$aBLDSS-3PM$b00$c20180723$lBLL01$h1541
=CAT  \\$aBATCH-UPD$b00$c20180723$lBLL01$h1549
=CAT  \\$aBATCH-UPD$b00$c20181121$lBLL01$h1627
=CAT  \\$aIPL-CLA$c20181231$lBLL01$h1556
=CAT  \\$a8055$b40$c20190222$lBLL01$h1139
=CAT  \\$a8055$b40$c20190222$lBLL01$h1144
=CAT  \\$a8055$b40$c20190222$lBLL01$h1523
=CAT  \\$a8055$b40$c20190308$lBLL01$h1333
=CAT  \\$aR1911-0245$c20191127$lBLL01$h1037
=CAT  \\$aIPL-CLA$c20191231$lBLL01$h2044
=CAT  \\$a5410$b40$c20211005$lBLL01$h1034
=CAT  \\$a5410$b40$c20211005$lBLL01$h1037
=CFI  0\$aCurrent Copyright Fee: zero$c35\0$e01-jan-2020$fGBP0.00$g0$hP$5Uk
=CFI  2\$aPrevious copyright fee: zero$c35\0$e22-feb-2019$fGBP0.00$g0$hP$5Uk
=FFP  \\$aY$bBLDSS-3PM
=MNI  \\$a2510-5345
=TOC  \\$aETOC
=UNO  \\$aY
=ACF  \\$aPrevious copyright fee: GBP28.00$c35\0$e01-jan-2019$fGBP28.00$g0$hP$5Uk
=ACF  \\$aPrevious copyright fee: GBP24.00$c35\0$e06-jul-2018$fGBP24.00$g0$hP$5Uk
=LAS  \\$a5410$b40$c20211005$lBLL01$h1037

