=LDR  02465cas a2200649 i 4500
=001  019436952
=003  Uk
=005  20200917121836.0
=006  m\\\\\\\\d\|||||||
=007  cr\|||||||||||
=008  190613c20199999enk\x\\\\\\\\\0\\\a0eng\\
=FMT  \\$a  SE
=022  \\$a2625-073X
=037  \\$aISSN_2625073X$bPortico$nWiley
=040  \\$aUk$beng$cUk$dUk$erda
=042  \\$aukblsr
=082  04$a620.0042$223
=222  \0$aCivil engineering design
=245  00$aCivil engineering design.
=264  \1$aWeinheim :$bErnst & Sohn, Wiley VCH,$c2019-
=336  \\$atext$2rdacontent
=337  \\$acomputer$2rdamedia
=338  \\$aonline resource$2rdacarrier
=362  0\$aVolume 1 (March 2019)-
=500  \\$aTitle from PDF cover (Wiley online library, viewed September 17, 2020).
=515  \\$aArticles added, as accepted, to current issue.
=588  \\$aLatest issue consulted: volume 2. issue 3 (July 2020) (viewed September 17, 2020).
=540  \\$aCurrent Copyright Fee: GBP32.00$c35\0$5Uk
=650  \0$aCivil engineering$vPeriodicals.
=650  \0$aEngineering design$vPeriodicals.
=856  4\$31850-9999$uhttp://onlinelibrary.wiley.com/$xBLDSS
=859  \\$aELD$bejournal
=852  41$aBritish Library$bHMNTS$jELD Digital store$3Volume 1:Issue 1(2019)-
=852  \\$aBritish Library$bDSC$j3272.455000$3Volume 1:Issue 1(2019)-
=945  \\$aCivil engineering design.
=959  \\$fCurrently received
=985  \\$a3rd party access title for Remote supply please retain as base record when merging/deleting
=CAT  \\$a5552$b40$c20190613$lBLL01$h1408
=CAT  \\$aBLDSS-3PM$b00$c20190617$lBLL01$h1550
=CAT  \\$aBATCH-UPD$b00$c20190617$lBLL01$h1551
=CAT  \\$a5410$b40$c20190625$lBLL01$h1033
=CAT  \\$a14412$b40$c20190724$lBLL01$h1119
=CAT  \\$aR1911-0245$c20191127$lBLL01$h0824
=CAT  \\$aR1911-0245$c20191127$lBLL01$h1045
=CAT  \\$aIPL-CLA$c20191231$lBLL01$h2046
=CAT  \\$a12654$b40$c20200121$lBLL01$h1547
=CAT  \\$a8055$b40$c20200915$lBLL01$h1453
=CAT  \\$a8124$b40$c20200917$lBLL01$h1218
=CFI  0\$aCurrent Copyright Fee: GBP32.00$c35\0$e01-jan-2020$fGBP32.00$g0$hP$5Uk
=CFI  2\$aPrevious copyright fee: GBP28.00$c35\0$e13-jun-2019$fGBP28.00$g0$hP$5Uk
=FFP  \\$aY$bBLDSS-3PM
=FIN  \\$aY$d20200917
=LET  \0$aCivil engineering design (Electronic)
=MNI  \\$a2625-073X
=TOC  \\$aETOC
=UNO  \\$aY
=LAS  \\$a8124$b40$c20200917$lBLL01$h1218

