=LDR  03326cas a2200853 i 4500
=001  020530020
=003  Uk
=005  20231009114151.0
=006  m\\\\\|\\d\|\\\\\\
=007  cr\|||||||||||
=008  220325c20229999at\qr\p\o\\\\\0\\\a0eng\\
=FMT  \\$a  SE
=022  \\$a2770-5706
=037  \\$aISSN_27705706_2$bPortico$nWiley
=040  \\$aUk$beng$cUk$dUk$erda
=042  \\$aukblsr
=082  04$a624.1762$223
=222  \0$aEarthquake engineering and resilience
=245  00$aEarthquake engineering and resilience.
=264  \1$a[Milton, Queensland] :$bTianjin University :$bJohn Wiley & Sons Australia, Ltd.,$c2022-
=310  \\$aQuarterly
=336  \\$atext$2rdacontent
=337  \\$acomputer$2rdamedia
=338  \\$aonline resource$2rdacarrier
=362  1\$aBegan with: Volume 1, Issue 1 (March 2022).
=540  \\$aCurrent copyright fee: GBP32.00$c35\0$5Uk
=500  \\$aPublished in partnership with Tianjin University.
=588  \\$aLatest issue consulted:Volume 1, Issue 3 (September 2022) (onlinelibrary.wiley.com viewed January 30, 2023).
=650  \0$aEarthquake engineering$vPeriodicals.
=650  \7$aEarthquake engineering.$2fast$0(OCoLC)fst00900825
=655  \7$aPeriodicals.$2fast$0(OCoLC)fst01411641
=710  2\$aNational Facility for Earthquake Engineering Simulation (China)
=710  2\$aTianjin da xue.
=859  \\$aELD$bejournal
=856  \\$31850-9999$uhttp://onlinelibrary.wiley.com/$xBLDSS
=852  41$aBritish Library$bHMNTS$jELD Digital store$3Volume 1:Issue 1(2022)-
=852  \\$aBritish Library$bDSC$j3643.574500$3Volume 2:Issue 1(2023)-
=945  \\$aEarthquake engineering and resilience.
=CAT  \\$a10902$b40$c20220325$lBLL01$h1232
=CAT  \\$a12654$b40$c20220531$lBLL01$h0912
=CAT  \\$aBATCH-UNOA$c20220601$lBLL01$h0025
=CAT  \\$aBLDSS-3PM$b00$c20220606$lBLL01$h1351
=CAT  \\$aBATCH-UPD$b00$c20220606$lBLL01$h1353
=CAT  \\$a5410$b40$c20220607$lBLL01$h1029
=CAT  \\$a5410$b40$c20220607$lBLL01$h1030
=CAT  \\$a5410$b40$c20220615$lBLL01$h0923
=CAT  \\$a5410$b40$c20220615$lBLL01$h1128
=CAT  \\$a5410$b40$c20220621$lBLL01$h1345
=CAT  \\$a5410$b40$c20220621$lBLL01$h1346
=CAT  \\$a10983$b40$c20220917$lBLL01$h1007
=CAT  \\$a8055$b40$c20220921$lBLL01$h1452
=CAT  \\$a5110$b40$c20230206$lBLL01$h1423
=CAT  \\$a12654$b40$c20230426$lBLL01$h0751
=CAT  \\$a8055$b40$c20230725$lBLL01$h1334
=CAT  \\$a5410$b40$c20230726$lBLL01$h0952
=CAT  \\$a5410$b40$c20230731$lBLL01$h1053
=CAT  \\$a5410$b40$c20230731$lBLL01$h1055
=CAT  \\$a5410$b40$c20230802$lBLL01$h0926
=CAT  \\$a8055$b40$c20230926$lBLL01$h1420
=CAT  \\$a5410$b40$c20230927$lBLL01$h1527
=CAT  \\$a5410$b40$c20230927$lBLL01$h1529
=CAT  \\$a5410$b40$c20230927$lBLL01$h1531
=CAT  \\$a8124$b40$c20230928$lBLL01$h1432
=CAT  \\$a8124$b40$c20230928$lBLL01$h1445
=CAT  \\$a5410$b40$c20231009$lBLL01$h1141
=CAT  \\$a5410$b40$c20231009$lBLL01$h1141
=CFI  0\$aCurrent copyright fee: GBP32.00$c35\0$e31-may-2022$fGBP32.00$g0$hP$5Uk
=FFP  \\$aY$bBLDSS-3PM
=FIN  \\$aY$d20230206
=LET  \0$aEarthquake engineering and resilience (electronic)
=MNI  \\$a2770-5714
=TOC  \\$aETOC
=UNO  \\$aY
=LAS  \\$a5410$b40$c20231009$lBLL01$h1141

