=LDR  01722cas a22004935i 4500
=001  019200332
=003  Uk
=005  20211231154748.0
=006  m\\\\\|\\d\|\\\\\\
=007  cr\|||||||||||
=008  190107c\\\\9999\\\\\\p\o\\\\\0\\\a0eng\\
=FMT  \\$a  SE
=022  \\$a2573-5098
=037  \\$aISSN_25735098$bPortico$nWiley
=082  04$a664.024$221
=245  00$aJSFA reports
=264  \1$bWiley
=336  \\$atext$2rdacontent
=337  \\$acomputer$2rdamedia
=338  \\$aonline resource$2rdacarrier
=540  \\$aCurrent copyright fee: GBP39.00$c35\0$5Uk
=859  \\$aELD$bejournal
=856  \\$31850-9999$uhttp://onlinelibrary.wiley.com/$xBLDSS
=852  41$aBritish Library$bHMNTS$jELD Digital store$3Volume 1:Issue 1(2021)-
=852  \\$aBritish Library$bDSC$j5073.738700$3Volume 1:Issue 1(2021)-
=945  \\$aJSFA reports.
=985  \\$aELD accessioning record awaiting upgrade
=CAT  \\$a15005$b40$c20190107$lBLL01$h1222
=CAT  \\$a14586$b40$c20190405$lBLL01$h1421
=CAT  \\$a5552$b40$c20200114$lBLL01$h0843
=CAT  \\$a5552$b40$c20200114$lBLL01$h1106
=CAT  \\$a5552$b40$c20200114$lBLL01$h1135
=CAT  \\$aBLDSS-3PM$b00$c20200124$lBLL01$h0859
=CAT  \\$aBATCH-UPD$b00$c20200124$lBLL01$h0900
=CAT  \\$a5410$b40$c20200130$lBLL01$h0855
=CAT  \\$a12654$b40$c20210204$lBLL01$h1306
=CAT  \\$aW2111-0842$c20211208$lBLL01$h1943
=CAT  \\$aIPL-CLA$c20211231$lBLL01$h1547
=CFI  0\$aCurrent copyright fee: GBP39.00$c35\0$e01-jan-2022$fGBP39.00$g0$hP$5Uk
=CFI  2\$aPrevious Copyright Fee: GBP32.00$c35\0$e14-jan-2020$fGBP32.00$g0$hP$5Uk
=FFP  \\$aY$bBLDSS-3PM
=TOC  \\$aETOC
=UNO  \\$aY
=LAS  \\$aIPL-CLA$b00$c20211231$lBLL01$h1547

