=LDR  01657cas a22004577a 4500
=001  019228716
=003  Uk
=005  20230207080454.0
=006  m\\\\\\\\d\|||||||
=007  cr\|||||||||||
=008  190130c\\\\9999\\\\\\\\\\\\\\0\\\a0eng\\
=FMT  \\$a  SE
=022  \\$a2473-3717
=037  \\$aISSN_24733717$bPortico$nLippincott Williams & Wilkins
=040  \\$aUk$beng$cUk
=222  \0$aEvidence-based practice$b(Online)
=245  00$aEvidence-based practice.
=264  \1$aColumbia, MO :$bFamily Physicians Inquiries Network
=336  \\$atext$2rdacontent
=337  \\$acomputer$2rdamedia
=338  \\$aonline resource$2rdacarrier
=540  \\$aCurrent copyright fee: GBP39.00$c20\0$5Uk
=856  \\$31850-9999$uhttp://journals.lww.com/pages/default.aspx$xBLDSS
=859  \\$aELD$bejournal
=852  41$aBritish Library$bHMNTS$jELD Digital store$3Volume 18:Issue 1(2015)-
=852  \\$aBritish Library$bDSC$j3831.037550$3Volume 24:Issue 8(2021)-
=945  \\$aEvidence based practice.
=959  \\$fCurrently received
=985  \\$a3rd party access title for Remote supply please retain as base record when merging/deleting
=CAT  \\$a5552$b40$c20190130$lBLL01$h0946
=CAT  \\$aBLDSS-3PM$b00$c20190206$lBLL01$h0827
=CAT  \\$aBATCH-UPD$b00$c20190206$lBLL01$h0832
=CAT  \\$a15005$b40$c20190718$lBLL01$h1439
=CAT  \\$a12654$b40$c20210414$lBLL01$h0852
=CAT  \\$a8874$b40$c20230207$lBLL01$h0804
=CFI  0\$aCurrent copyright fee: GBP39.00$c20\0$e30-jan-2019$fGBP39.00$g0$hP$5Uk
=FFP  \\$aY$bBLDSS-3PM
=MNI  \\$a1095-4120
=TOC  \\$aETOC
=UNO  \\$aY
=LAS  \\$a8874$b40$c20230207$lBLL01$h0804

