=LDR  04693cas a2201069 a 4500
=001  017658540
=003  Uk
=005  20230502142208.0
=006  m\\\\\|\\d\|\\\\\\
=007  cr\|||||||||||
=008  020110c19959999enk\x\p\o\\\\\0\\\a0eng\d
=FMT  \\$a  SE
=015  \\$aGBB611940$2bnb
=022  \\$a2204-227X$y1324-1583$l1324-1583
=035  \\$a(OCoLC)173394923
=037  \\$aISSN_13241583_21$bPortico$nTaylor & Francis
=040  \\$aNz$beng$cNZCWA$dOCLCQ$dUV0$dOCLCQ$dS4S$dOCLCO$dUk
=042  \\$aukblsr
=043  \\$au-at---
=050  \4$aGB821
=082  04$a627.099405$223
=130  0\$aAustralian journal of water resources (Online)
=222  \0$aAustralian journal of water resources$b(Online)
=245  10$aAustralian journal of water resources$h[electronic resource].
=246  13$aJournal of water resources
=260  \\$aBarton, A.C.T. :$bInstitution of Engineers, Australia, National Committee on Water Engineering
=260  2\$32003-2014$aCrows Nest, N.S.W. :$bEngineers Media
=264  \1$32015-$a[Abingdon] :$bTaylor & Francis
=310  \\$aFrequency varies,$b2007-
=321  \\$aThree times a year,$b2005-2006
=321  \\$aAnnual,$b2004
=321  \\$aThree times a year,$b-2003
=336  \\$atext$2rdacontent
=337  \\$acomputer$2rdamedia
=338  \\$aonline resource$2rdacarrier
=362  1\$aBegan with vol. 1, no. 1 (1995).
=550  \\$a"An Engineers Australia journal."
=588  \\$aDescription based on print record.
=588  \\$aLatest issue consulted: volume 19, number 1 (2015) (Taylor & Francis Online, viewed January 22, 2016).
=540  \\$aCurrent copyright fee: GBP43.00$c2\0$5Uk
=650  \0$aWater resources development$zAustralia$vPeriodicals.
=650  \0$aHydrology$zAustralia$vPeriodicals.
=650  \0$aWater-supply$zAustralia$vPeriodicals.
=710  2\$aInstitution of Engineers Australia.
=776  08$iAlso issued in print as:$tAustralian journal of water resources$x1324-1583
=859  \\$aELD$bejournal
=856  \\$31850-9999$uhttp://www.tandfonline.com/$xBLDSS
=852  \\$aBritish Library$bDSC$j1812.980000$3Volume 20:Issue 1(2016)-Volume 21:Issue 2(2017)***See ESTAR for full holdings.
=852  41$aBritish Library$bHMNTS$jELD Digital store$3Volume 20:Issue 1(2016)-***Previous issues available in print copy
=945  \\$aAustralian journal of water resources.
=959  \\$fHeld but not currently received
=979  \\$aBritish Library$bDSC$j1812.980000
=CAT  \\$a8464$b40$c20151210$lBLL01$h0848
=CAT  \\$a8323$b40$c20160122$lBLL01$h1132
=CAT  \\$a12654$b40$c20160223$lBLL01$h1401
=CAT  \\$a12654$b40$c20160229$lBLL01$h1353
=CAT  \\$a5552$b40$c20160229$lBLL01$h1445
=CAT  \\$a5552$b40$c20160229$lBLL01$h1539
=CAT  \\$aBLDSS-3PM$b00$c20160302$lBLL01$h1647
=CAT  \\$aBATCH-UPD$b00$c20160413$lBLL01$h1829
=CAT  \\$a11433$b40$c20160415$lBLL01$h1352
=CAT  \\$aBATCH-UPD$b40$c20160829$lBLL01$h0434
=CAT  \\$aBATCH-UPD$b40$c20161122$lBLL01$h1507
=CAT  \\$aIPL-CLA$c20161231$lBLL01$h0024
=CAT  \\$aBATCH-UPD$b00$c20171121$lBLL01$h1656
=CAT  \\$aW1711-1005$c20171206$lBLL01$h1828
=CAT  \\$aIPL-CLA$c20171231$lBLL01$h1830
=CAT  \\$aBATCH-UPD$b00$c20181217$lBLL01$h1646
=CAT  \\$aIPL-CLA$c20181231$lBLL01$h1555
=CAT  \\$aW1811-111$c20190203$lBLL01$h0956
=CAT  \\$aBATCH-UPD$b00$c20191122$lBLL01$h1908
=CAT  \\$aIPL-CLA$c20191231$lBLL01$h2042
=CAT  \\$aBATCH-UPD$b00$c20201118$lBLL01$h1342
=CAT  \\$aIPL-CLA$c20201231$lBLL01$h1533
=CAT  \\$aBATCH-UPD$b00$c20221121$lBLL01$h1341
=CAT  \\$aIPL-CLA$c20221231$lBLL01$h1453
=CAT  \\$a5410$b40$c20230502$lBLL01$h1422
=CFI  0\$aCurrent copyright fee: GBP43.00$c2\0$e01-jan-2023$fGBP43.00$g0$hP$5Uk
=CFI  2\$aPrevious copyright fee: GBP41.00$c2\0$e01-jan-2021$fGBP41.00$g0$hP$5Uk
=FFP  \\$aY$bBLDSS-3PM
=FIN  \\$aY$d20160122
=LET  \0$aAustralian journal of water resources (Electronic)
=LKR  \\$aPAR$b012988882$lBLL01$nAustralian journal of water resources (Print)$mAustralian journal of water resources (Online)$r776
=MNI  \\$a1324-1583
=SID  \\$aZ39$bOCLC
=TOC  \\$aETOC
=ACF  \\$aPrevious copyright fee: GBP31.00$c2\0$e23-feb-2016$fGBP31.00$g0$hP$5Uk
=ACF  \\$aPrevious copyright fee: GBP33.00$c2\0$e01-jan-2017$fGBP33.00$g0$hP$5Uk
=ACF  \\$aPrevious copyright fee: GBP35.00$c2\0$e01-jan-2018$fGBP35.00$g0$hP$5Uk
=ACF  \\$aPrevious copyright fee: GBP37.00$c2\0$e01-jan-2019$fGBP37.00$g0$hP$5Uk
=ACF  \\$aPrevious copyright fee: GBP39.00$c2\0$e01-jan-2020$fGBP39.00$g0$hP$5Uk
=LAS  \\$a5410$b40$c20230502$lBLL01$h1422

