=LDR  02244cas a22005897a 4500
=001  017743407
=003  Uk
=005  20230511163120.0
=007  ta
=008  160215c\\\\9999nyu\\\\\\\\\\\0\\\a0eng\\
=FMT  \\$a  SE
=022  \\$a2352-0787
=037  \\$aISSN_23520779_74$bPortico$nLippincott Williams & Wilkins
=040  \\$aUk$beng$cUk
=245  00$aUrology practice
=264  \1$a[New York] :$bElsevier Inc.
=336  \\$atext$2rdacontent
=337  \\$acomputer$2rdamedia
=338  \\$aonline resource$2rdacarrier
=540  \\$aCurrent copyright fee: GBP39.00$c20\0$5Uk
=856  \\$31850-9999$uhttp://journals.lww.com/pages/default.aspx$xBLDSS
=859  \\$aELD$bejournal
=852  41$aBritish Library$bHMNTS$jELD Digital store$3Volume 2:Issue 1(2015)-
=852  \\$aBritish Library$bDSC$j9124.707250$3Volume 8:Issue 5(2021)-
=945  \\$aUrology practice.
=959  \\$fCurrently received
=985  \\$aUpgraded by BSS-generated file for WR1910-0531
=CAT  \\$a5552$b40$c20160215$lBLL01$h1349
=CAT  \\$aBLDSS-3PM$b00$c20160225$lBLL01$h1643
=CAT  \\$aBATCH-UPD$b00$c20160413$lBLL01$h1830
=CAT  \\$a5552$b40$c20161202$lBLL01$h1204
=CAT  \\$aBATCH-UPD$b40$c20171121$lBLL01$h1756
=CAT  \\$aIPL-CLA$c20171231$lBLL01$h1831
=CAT  \\$a5552$b40$c20181016$lBLL01$h1145
=CAT  \\$aIPL-CLA$c20181231$lBLL01$h1555
=CAT  \\$aDEL-3PM$c20190115$lBLL01$h1428
=CAT  \\$a5552$b40$c20190128$lBLL01$h1634
=CAT  \\$aBLDSS-3PM$b00$c20190206$lBLL01$h0827
=CAT  \\$aBATCH-UPD$b00$c20190206$lBLL01$h0830
=CAT  \\$a15005$b40$c20190716$lBLL01$h1044
=CAT  \\$aW1910-0531$b00$c20191108$lBLL01$h1853
=CAT  \\$a12654$b40$c20210422$lBLL01$h1300
=CAT  \\$aBATCH-FIX$c20230511$lBLL01$h1631
=CFI  0\$aCurrent copyright fee: GBP39.00$c20\0$e28-jan-2019$fGBP39.00$g0$hP$5Uk
=CFI  2\$aPrevious copyright fee: GBP17.50$c0$e01-jan-2019$fGBP17.50$g0$hA$5Uk
=FFP  \\$aY$bBLDSS-3PM
=MNI  \\$a2352-0779
=TOC  \\$aETOC
=UNO  \\$aY
=ACF  \\$aPrevious copyright fee: GBP23.40$c5\1$e01-jan-2018$fGBP23.40$g0$hP$5Uk
=ACF  \\$aPrevious copyright fee: GBP22.50$c5\1$e15-feb-2016$fGBP22.50$g0$hP$5Uk
=LAS  \\$aBATCH-FIX$b00$c20230511$lBLL01$h1631

