=LDR  02965cas a2200733 i 4500
=001  017368540
=003  Uk
=005  20230206141613.0
=006  m\\\\\|\\d\|\\\\\\
=007  cr\|||||||||||
=008  150521c19859999enkbr\p\o\\\\\0\\\a0eng\\
=FMT  \\$a  SE
=015  \\$aGBB592780$2bnb
=022  0\$a1531-7056
=037  \\$aISSN_02671379$bPortico$nLippincott Williams & Wilkins
=040  \\$aUk$beng$cUk$erda
=042  \\$aukblsr
=082  04$a616.33$223
=210  0\$aCurr. opin. gastroenterol.$b(Online)
=222  \0$aCurrent opinion in gastroenterology$b(Online)
=245  00$aCurrent opinion in gastroenterology.
=264  \1$aLondon :$bGower Academic Journals,$c1985-
=264  31$32007-$aLondon :$bLippincott Williams & Wilkins
=310  \\$aBimonthly
=336  \\$atext$2rdacontent
=337  \\$acomputer$2rdamedia
=338  \\$aonline resource$2rdacarrier
=362  1\$aPrint began in 1985.
=588  \\$aDescription based on print version record.
=588  \\$aLatest issue consulted: volume 31, issue 4 (July 2015) (Wolters Kluwer Health, viewed July 8, 2015).
=540  \\$aCurrent copyright fee: GBP32.00$c20\0$5Uk
=650  \0$aGastroenterology$vPeriodicals.
=776  08$iAlso issued in print as:$tCurrent opinion in gastroenterology$x0267-1379
=859  \\$aELD$bejournal
=856  \\$31850-9999$uhttp://journals.lww.com/pages/default.aspx$xBLDSS
=852  41$aBritish Library$bSTI$jELD Digital store$3Volume 31:Issue 1(2015:Jan.)-***Previous issues available in print copy
=852  \\$aBritish Library$bDSC$j3500.775000$3Volume 37:Issue 4(2021)-
=945  \\$aCurrent opinion in gastroenterology.
=959  \\$fCurrently received
=CAT  \\$a10902$b40$c20150521$lBLL01$h0846
=CAT  \\$aBATCH-CLA$b00$c20150529$lBLL01$h1529
=CAT  \\$aIPL-CLA$c20150630$lBLL01$h1725
=CAT  \\$a11205$b40$c20150708$lBLL01$h1308
=CAT  \\$a5552$b40$c20160119$lBLL01$h1206
=CAT  \\$aBLDSS-3PM$b00$c20160201$lBLL01$h1812
=CAT  \\$aBATCH-UPD$b00$c20160217$lBLL01$h1713
=CAT  \\$aIPL-CLA$c20160331$lBLL01$h1819
=CAT  \\$aBATCH-UPD$b00$c20160413$lBLL01$h1829
=CAT  \\$aBATCH-UPD$b00$c20160524$lBLL01$h2200
=CAT  \\$aBATCH-UPD$b00$c20160524$lBLL01$h2307
=CAT  \\$a5552$b40$c20170127$lBLL01$h1222
=CAT  \\$aW1711-1005$c20171206$lBLL01$h1828
=CAT  \\$a12654$b40$c20210317$lBLL01$h0823
=CAT  \\$a8874$b40$c20230206$lBLL01$h1416
=CFI  0\$aCurrent copyright fee: GBP32.00$c20\0$e01-apr-2016$fGBP32.00$g0$hP$5Uk
=CFI  2\$aPrevious copyright fee: GBP30.32$c20\0$e19-jan-2016$fGBP30.32$g0$hP$5Uk
=FFP  \\$aY$bBLDSS-3PM
=FIN  \\$aY$d20150708
=LET  \0$aCurrent opinion in gastroenterology (Electronic)
=LKR  \\$aPAR$b007160315$lBLL01$nCurrent opinion in gastroenterology (Print)$mCurrent opinion in gastroenterology (Online)$r776
=MNI  \\$a0267-1379
=TOC  \\$aETOC
=UNO  \\$aY
=LAS  \\$a8874$b40$c20230206$lBLL01$h1416

