=LDR  03431cas a2200841 i 4500
=001  017375329
=003  Uk
=005  20210422125519.0
=006  m\\\\\|\\d\|\\\\\\
=007  cr\|||||||||||
=008  150529c19649999xxucr\p\o\\\\\0\\\a0eng\\
=FMT  \\$a  SE
=015  \\$aGBB582607$2bnb
=022  \\$a1534-6080$y1534-0608
=037  \\$aISSN_00411337$bPortico$nLippincott Williams & Wilkins
=040  \\$aUk$beng$cUk$erda
=042  \\$aukblsr
=082  04$a617.95$223
=210  0\$aTransplantation$b(Online)
=222  \0$aTransplantation$b(Online)
=245  00$aTransplantation.
=260  \\$aBaltimore :$bWilliams and Wilkins,$c1963-
=260  2\$aHagerstown :$bLippincott, Williams and Wilkins
=264  31$a[Philadelphia, PA] :$bWolters Kluwer
=310  \\$aSemimonthly
=336  \\$atext$2rdacontent
=337  \\$acomputer$2rdamedia
=338  \\$aonline resource$2rdacarrier
=362  1\$aPrint began with volume 1 (January 1963).
=550  \\$aOfficial journal of the Transplantation Society.
=588  \\$aDescription based on print version record.
=588  \\$aLatest issue consulted: volume 99, issue 1 (January 2015) (Wolters Kluwer, viewed June 30, 2015).
=540  \\$aCurrent copyright fee: GBP39.00$c20\0$5Uk
=650  \0$aTransplantation of organs, tissues, etc.$vPeriodicals.
=650  \0$aTransplantation immunology$vPeriodicals.
=710  2\$aTransplantation Society,$eissuing body.
=776  08$iAlso issued in print as:$tTransplantation$x0041-1337
=787  0\$tTransplantation direct$x2373-8731
=859  \\$aELD$bejournal
=856  \\$31850-9999$uhttp://journals.lww.com/pages/default.aspx$xBLDSS
=852  41$aBritish Library$bSTI$jELD Digital store$3Volume 93:Issue 3(2012)-***Previous issues available in print copy
=852  \\$aBritish Library$bDSC$j9024.990000$3Volume 105:Issue 1(2021)-
=945  \\$aTransplantation -Baltimore-.
=959  \\$fCurrently received
=CAT  \\$a10876$b40$c20150529$lBLL01$h1155
=CAT  \\$a10876$b40$c20150529$lBLL01$h1158
=CAT  \\$aBATCH-CLA$b00$c20150529$lBLL01$h1529
=CAT  \\$a5997$b40$c20150630$lBLL01$h1115
=CAT  \\$a5997$b40$c20150630$lBLL01$h1120
=CAT  \\$a5997$b40$c20150630$lBLL01$h1124
=CAT  \\$aIPL-CLA$c20150630$lBLL01$h1725
=CAT  \\$a5552$b40$c20160115$lBLL01$h1416
=CAT  \\$aBLDSS-3PM$b00$c20160201$lBLL01$h1812
=CAT  \\$aBATCH-UPD$b00$c20160217$lBLL01$h1715
=CAT  \\$aIPL-CLA$c20160331$lBLL01$h1819
=CAT  \\$aBATCH-UPD$b00$c20160413$lBLL01$h1829
=CAT  \\$aBATCH-UPD$b00$c20160519$lBLL01$h0824
=CAT  \\$a5552$b40$c20170210$lBLL01$h1535
=CAT  \\$aW1711-1005$c20171206$lBLL01$h1828
=CAT  \\$a14586$b40$c20190708$lBLL01$h1232
=CAT  \\$a12654$b40$c20210422$lBLL01$h1255
=CFI  0\$aCurrent copyright fee: GBP39.00$c20\0$e01-apr-2016$fGBP39.00$g0$hP$5Uk
=CFI  2\$aPrevious Copyright Fee: GBP36.77$c20\0$e15-jan-2016$fGBP36.77$g0$hP$5Uk
=FFP  \\$aY$bBLDSS-3PM
=FIN  \\$aY$d20150630
=LET  \0$aTransplantation (Electronic)
=LKR  \\$aPAR$b011141886$lBLL01$nTransplantation (Print)$mTransplantation (Online)$r776
=LKR  \\$aPAR$b017374401$lBLL01$nTransplantation (Online)$mTransplantation (Online)$r787
=MNI  \\$a0041-1337
=TOC  \\$aETOC
=UNO  \\$aY
=ACF  \\$aPrevious Copyright Fee: GBP37.00$c0$e01-jul-2015$fGBP37.00$g0$hC$5Uk
=LAS  \\$a12654$b40$c20210422$lBLL01$h1255

